<?xml version="1.0" encoding="UTF-8"?><collection xmlns="http://www.loc.gov/MARC21/slim"><record><leader>00444nam--2200169-i-4500</leader><controlfield tag="001">000030668</controlfield><controlfield tag="002">20161230</controlfield><controlfield tag="005">20161230201038</controlfield><controlfield tag="008">060222s1000------------r-----000-0-eng-d</controlfield><datafield ind1=" " ind2=" " tag="040"><subfield code="a">IFIN-HH</subfield></datafield><datafield ind1=" " ind2=" " tag="080"><subfield code="a">539.12</subfield></datafield><datafield ind1="1" ind2=" " tag="100"><subfield code="a">Lyth, D.H</subfield></datafield><datafield ind1="1" ind2="0" tag="245"><subfield code="a">The n (1400) and the n-p mass difference</subfield><subfield code="c">D.h. lyth</subfield></datafield><datafield ind1=" " ind2=" " tag="260"><subfield code="a">Lancaster</subfield><subfield code="b">University Of Lancaster</subfield><subfield code="c">1968</subfield></datafield><datafield ind1=" " ind2=" " tag="300"><subfield code="a">18P.+ 5P.DIF</subfield></datafield><datafield ind1=" " ind2=" " tag="852"><subfield code="a">28186</subfield><subfield code="c">539.12</subfield></datafield><datafield ind1=" " ind2=" " tag="CAT"><subfield code="a">Sys</subfield><subfield code="c">20111115</subfield><subfield code="h">155808</subfield></datafield></record></collection>